% This file was created with JabRef 2.10.
% Encoding: UTF-8


@Article{bendsoe1989optimal,
  Title                    = {Optimal shape design as a material distribution problem},
  Author                   = {Bends{\o}e, Martin P},
  Journal                  = {Structural optimization},
  Year                     = {1989},
  Number                   = {4},
  Pages                    = {193--202},
  Volume                   = {1},

  Publisher                = {Springer}
}

@Article{bendsoe1988generating,
  Title                    = {Generating optimal topologies in structural design using a homogenization method},
  Author                   = {Bends{\o}e, Martin Philip and Kikuchi, Noboru},
  Journal                  = {Computer methods in applied mechanics and engineering},
  Year                     = {1988},
  Number                   = {2},
  Pages                    = {197--224},
  Volume                   = {71},

  Publisher                = {Elsevier}
}

@Book{bendsoe2013topology,
  Title                    = {Topology optimization: theory, methods, and applications},
  Author                   = {Bendsoe, Martin Philip and Sigmund, Ole},
  Publisher                = {Springer Science \& Business Media},
  Year                     = {2013}
}

@Book{boyd2004convex,
  Title                    = {Convex optimization},
  Author                   = {Boyd, Stephen and Vandenberghe, Lieven},
  Publisher                = {Cambridge university press},
  Year                     = {2004}
}

@Book{christensen2008introduction,
  Title                    = {An introduction to structural optimization},
  Author                   = {Christensen, Peter W and Klarbring, Anders},
  Publisher                = {Springer Science \& Business Media},
  Year                     = {2008},
  Volume                   = {153}
}

@TechReport{desideri2010,
  Title                    = {Hierarchical Shape Optimization: Cooperation and Competition in Multi-Disciplinary Approaches},
  Author                   = {Jean-Antoine D{\'e}sid{\'e}ri},
  Institution              = {INRIA},
  Year                     = {2010},

  Timestamp                = {2016.04.20},
  Url                      = {https://team.inria.fr/opale/files/2011/11/desideri-KITsommerschule.pdf}
}

@Book{eschenauer1997applied,
  Title                    = {Applied structural mechanics: fundamentals of elasticity, load-bearing structures, structural optimization: including exercises},
  Author                   = {Eschenauer, Hans and Olhoff, Niels and Schnell, Walter},
  Publisher                = {Springer Science \& Business Media},
  Year                     = {1997}
}

@Article{groenwold2009simple,
  Title                    = {A simple heuristic for gray-scale suppression in optimality criterion-based topology optimization},
  Author                   = {Groenwold, Albert A and Etman, LFP},
  Journal                  = {Structural and Multidisciplinary Optimization},
  Year                     = {2009},
  Number                   = {2},
  Pages                    = {217--225},
  Volume                   = {39},

  Publisher                = {Springer}
}

@Book{haftka2012elements,
  Title                    = {Elements of structural optimization},
  Author                   = {Haftka, Raphael T and G{\"u}rdal, Zafer},
  Publisher                = {Springer Science \& Business Media},
  Year                     = {2012},
  Volume                   = {11}
}

@Article{rozvany2009critical,
  Title                    = {A critical review of established methods of structural topology optimization},
  Author                   = {Rozvany, George IN},
  Journal                  = {Structural and Multidisciplinary Optimization},
  Year                     = {2009},
  Number                   = {3},
  Pages                    = {217--237},
  Volume                   = {37},

  Publisher                = {Springer}
}

@Book{vanderbei2014linear,
  Title                    = {Linear programming},
  Author                   = {Vanderbei, Robert J},
  Publisher                = {Springer},
  Year                     = {2014}
}

@Book{vanderplaats1984numerical,
  Title                    = {Numerical optimization techniques for engineering design: with applications},
  Author                   = {Vanderplaats, Garret N},
  Publisher                = {McGraw-Hill New York},
  Year                     = {1984},
  Volume                   = {1}
}

